%% This BibTeX bibliography file was created using BibDesk.
%% http://bibdesk.sourceforge.net/

%% Created for Th√©o Henri at 2017-05-08 17:10:50 +0200 


%% Saved with string encoding Unicode (UTF-8) 



@book{Ech06,
	Address = {Paris},
	Author = {{\'E}chaudemaison, Claude-Dani{\`e}le and Bazureau, Franck and Bosc, Serge and Cendron, Jean-Pierre and Combemale, Pascal and Faug{\`e}re, Jean-Pierre},
	Date-Added = {2017-05-08 15:10:16 +0000},
	Date-Modified = {2017-05-08 15:10:16 +0000},
	Origdate = {1989},
	Publisher = {Nathan},
	Title = {Dictionnaire d'{\'E}conomie et de Sciences Sociales},
	Year = {2006}}

@article{Her06,
	Author = {H{\'e}ran, Fran{\c c}ois},
	Date-Added = {2017-04-09 16:26:34 +0000},
	Date-Modified = {2017-04-09 16:27:39 +0000},
	Journal = {Formation emploi},
	Number = {94},
	Pages = {5--10},
	Title = {Toutes choses in{\'e}gales d'ailleurs : six {\'e}tudes sur les discriminations},
	Year = {2006}}

@inproceedings{Gau16e,
	Address = {Angers},
	Author = {Gauthier, Fr{\'e}d{\'e}ric},
	Booktitle = {Cours de disciplinaire : sociologie},
	Date-Added = {2017-04-09 14:51:10 +0000},
	Date-Modified = {2017-04-09 14:51:42 +0000},
	Publisher = {\textsc{{\'E}sp{\'e}} de Nantes},
	Title = {Les analyses contemporaines du lien social},
	Year = {2016}}

@inproceedings{DeG16h,
	Address = {Angers},
	Author = {{De Graeve}, Mathieu},
	Booktitle = {Cours de disciplinaire : {\'e}conomie},
	Date-Added = {2017-04-01 15:50:02 +0000},
	Date-Modified = {2017-04-01 15:50:35 +0000},
	Publisher = {\textsc{{\'E}sp{\'e}} de Nantes},
	Title = {Chapitre 7 -- {\'E}conomie de l'environnement},
	Year = {2016}}

@inproceedings{DeG16f,
	Address = {Angers},
	Author = {{De Graeve}, Mathieu},
	Booktitle = {Cours de disciplinaire : {\'e}conomie},
	Date-Added = {2017-04-01 14:17:26 +0000},
	Date-Modified = {2017-04-01 14:17:59 +0000},
	Publisher = {\textsc{{\'E}sp{\'e}} de Nantes},
	Title = {Chapitre 6 -- {\'E}conomie de la protection sociale},
	Year = {2016}}

@inproceedings{DeG16e,
	Address = {Angers},
	Author = {{De Graeve}, Mathieu},
	Booktitle = {Cours de disciplinaire : {\'e}conomie},
	Date-Added = {2017-04-01 12:15:09 +0000},
	Date-Modified = {2017-04-01 12:15:43 +0000},
	Publisher = {\textsc{{\'E}sp{\'e}} de Nantes},
	Title = {Chapitre 5 -- {\'E}conomie publique},
	Year = {2016}}

@inproceedings{DeG16d,
	Address = {Angers},
	Author = {{De Graeve}, Mathieu},
	Booktitle = {Cours de disciplinaire : {\'e}conomie},
	Date-Added = {2017-04-01 09:45:18 +0000},
	Date-Modified = {2017-04-01 09:46:09 +0000},
	Publisher = {\textsc{{\'E}sp{\'e}} de Nantes},
	Title = {Chapitre 4 -- Les politiques {\'e}conomiques},
	Year = {2016}}

@inproceedings{DeG16c,
	Address = {Angers},
	Author = {{De Graeve}, Mathieu},
	Booktitle = {Cours de disciplinaire : {\'e}conomie},
	Date-Added = {2017-04-01 07:59:34 +0000},
	Date-Modified = {2017-04-01 08:00:06 +0000},
	Publisher = {\textsc{{\'E}sp{\'e}} de Nantes},
	Title = {Chapitre 3 -- Fluctuations et crises},
	Year = {2016}}

@inproceedings{DeG16b,
	Address = {Angers},
	Author = {{De Graeve}, Mathieu},
	Booktitle = {Cours de disciplinaire : {\'e}conomie},
	Date-Added = {2017-04-01 07:32:12 +0000},
	Date-Modified = {2017-04-01 07:55:30 +0000},
	Publisher = {\textsc{{\'E}sp{\'e}} de Nantes},
	Title = {Chapitre 2 -- D{\'e}mographie et {\'e}conomie},
	Year = {2016}}

@inproceedings{Gau16q,
	Address = {Angers},
	Author = {Gauthier, Fr{\'e}d{\'e}ric},
	Booktitle = {Cours de disciplinaire : sociologie},
	Date-Added = {2017-03-31 16:59:34 +0000},
	Date-Modified = {2017-04-01 11:04:04 +0000},
	Publisher = {\textsc{{\'E}sp{\'e}} de Nantes},
	Title = {Chapitre 12 -- Approches sociologiques de la culture},
	Year = {2016}}

@inproceedings{Gau16p,
	Address = {Angers},
	Author = {Gauthier, Fr{\'e}d{\'e}ric},
	Booktitle = {Cours de disciplinaire : sociologie},
	Date-Added = {2017-03-31 16:38:57 +0000},
	Date-Modified = {2017-04-01 11:04:07 +0000},
	Publisher = {\textsc{{\'E}sp{\'e}} de Nantes},
	Title = {Chapitre 11-6 -- L'action publique},
	Year = {2016}}

@inproceedings{Gau16o,
	Address = {Angers},
	Author = {Gauthier, Fr{\'e}d{\'e}ric},
	Booktitle = {Cours de disciplinaire : sociologie},
	Date-Added = {2017-03-31 16:06:45 +0000},
	Date-Modified = {2017-04-01 11:04:10 +0000},
	Publisher = {\textsc{{\'E}sp{\'e}} de Nantes},
	Title = {Chapitre 11-5 -- Opinion publique, m{\'e}dias et communication politique},
	Year = {2016}}

@inproceedings{Gau16n,
	Address = {Angers},
	Author = {Gauthier, Fr{\'e}d{\'e}ric},
	Booktitle = {Cours de disciplinaire : sociologie},
	Date-Added = {2017-03-31 14:15:28 +0000},
	Date-Modified = {2017-04-01 11:04:14 +0000},
	Publisher = {\textsc{{\'E}sp{\'e}} de Nantes},
	Title = {Chapitre 11-4 -- Comportements et attitudes politiques},
	Year = {2016}}

@inproceedings{Gau16m,
	Address = {Angers},
	Author = {Gauthier, Fr{\'e}d{\'e}ric},
	Booktitle = {Cours de disciplinaire : sociologie},
	Date-Added = {2017-03-31 13:39:13 +0000},
	Date-Modified = {2017-04-01 11:04:17 +0000},
	Publisher = {\textsc{{\'E}sp{\'e}} de Nantes},
	Title = {Chapitre 11-3 -- Une sociologie politique de la d{\'e}mocratie repr{\'e}sentative},
	Year = {2016}}

@url{Wik-b,
	Author = {{{Contributeurs {\`a} Wikipedia}}},
	Date-Added = {2017-03-31 12:56:38 +0000},
	Date-Modified = {2017-03-31 12:57:36 +0000},
	Origdate = {2016},
	Title = {Thomas Humphrey Marshall},
	Url = {http://fr.wikipedia.org/w/index.php?title=Thomas_Humphrey_Marshall&oldid=129687615},
	Urldate = {2017-03-31},
	Bdsk-Url-1 = {http://fr.wikipedia.org/w/index.php?title=Thomas_Humphrey_Marshall&oldid=129687615}}

@book{Web22,
	Address = {Paris},
	Author = {Weber, Max},
	Date-Added = {2017-03-31 10:16:32 +0000},
	Date-Modified = {2017-03-31 10:17:51 +0000},
	Origdate = {1922},
	Publisher = {Plon},
	Title = {{\'E}conomie et soci{\'e}t{\'e}},
	Year = {1971}}

@inproceedings{Gau16l,
	Address = {Angers},
	Author = {Gauthier, Fr{\'e}d{\'e}ric},
	Booktitle = {Cours de disciplinaire : sociologie},
	Date-Added = {2017-03-31 09:57:17 +0000},
	Date-Modified = {2017-04-01 11:04:20 +0000},
	Publisher = {\textsc{{\'E}sp{\'e}} de Nantes},
	Title = {Chapitre 11-2 -- L'ordre politique},
	Year = {2016}}

@inproceedings{Gau16k,
	Address = {Angers},
	Author = {Gauthier, Fr{\'e}d{\'e}ric},
	Booktitle = {Cours de disciplinaire : sociologie},
	Date-Added = {2017-03-31 09:43:34 +0000},
	Date-Modified = {2017-04-01 11:04:23 +0000},
	Publisher = {\textsc{{\'E}sp{\'e}} de Nantes},
	Title = {Chapitre 11-1 -- Introduction {\`a} la sociologie politique et {\`a} la science politique},
	Year = {2016}}

@book{Par19,
	Address = {Paris},
	Author = {Pareto, Vilfredo},
	Chapter = {XI -- Propri{\'e}t{\'e}s des r{\'e}sidus et des d{\'e}rivations},
	Date-Added = {2017-03-30 13:23:27 +0000},
	Date-Modified = {2017-03-30 13:32:28 +0000},
	Origdate = {1916},
	Publisher = {Payot},
	Title = {Trait{\'e} de sociologie g{\'e}n{\'e}rale},
	Volume = {II},
	Year = {1919}}

@inproceedings{Gau16g,
	Address = {Angers},
	Author = {Gauthier, Fr{\'e}d{\'e}ric},
	Booktitle = {Cours de disciplinaire : sociologie},
	Date-Added = {2017-03-30 12:46:54 +0000},
	Date-Modified = {2017-04-01 11:04:26 +0000},
	Publisher = {\textsc{{\'E}sp{\'e}} de Nantes},
	Title = {Chapitre 7 -- Stratification sociale et mobilit{\'e}(s)},
	Year = {2016}}

@book{Bos01,
	Address = {Paris},
	Author = {Bosc, Serge},
	Date-Added = {2017-03-30 12:41:34 +0000},
	Date-Modified = {2017-03-30 12:44:00 +0000},
	Origdate = {2001},
	Publisher = {Armand Colin},
	Subtitle = {La soci{\'e}t{\'e} fran{\c c}aise en mutation},
	Title = {Stratification et classes sociales},
	Year = {2008}}

@inproceedings{Gau16f,
	Address = {Angers},
	Author = {Gauthier, Fr{\'e}d{\'e}ric},
	Booktitle = {Cours de disciplinaire : sociologie},
	Date-Added = {2017-03-30 07:51:22 +0000},
	Date-Modified = {2017-04-01 11:04:02 +0000},
	Publisher = {\textsc{{\'E}sp{\'e}} de Nantes},
	Title = {Chapitre 6 -- In{\'e}galit{\'e}s et justice sociale. L'action des pouvoirs publics},
	Year = {2016}}

@url{libres-a,
	Author = {Libres.org},
	Date-Added = {2017-03-30 07:43:38 +0000},
	Date-Modified = {2017-03-30 07:44:14 +0000},
	Lastchecked = {2017},
	Title = {Lois d'Engel},
	Url = {http://www.libres.org/abecedaire/Glossaire-1/L/LOIS-ENGEL-191/},
	Urldate = {2017-03-30},
	Bdsk-Url-1 = {http://www.libres.org/abecedaire/Glossaire-1/L/LOIS-ENGEL-191/}}

@url{Kar-a,
	Author = {Kartable},
	Date-Added = {2017-03-29 09:43:37 +0000},
	Date-Modified = {2017-03-29 09:44:32 +0000},
	Title = {Groupes et r{\'e}seaux sociaux},
	Url = {https://www.kartable.fr/premiere-es/ses/specifique/chapitres-202/groupes-et-reseaux-sociaux-1/cours/groupes-et-reseaux-sociaux/10336},
	Urldate = {2017-03-29},
	Bdsk-Url-1 = {https://www.kartable.fr/premiere-es/ses/specifique/chapitres-202/groupes-et-reseaux-sociaux-1/cours/groupes-et-reseaux-sociaux/10336}}

@url{Wik-a,
	Author = {{{Contributeurs {\`a} Wikipedia}}},
	Date-Added = {2017-03-25 13:55:17 +0000},
	Date-Modified = {2017-03-25 13:56:49 +0000},
	Origdate = {2016},
	Title = {Dileme de \textsc{Triffin}},
	Url = {http://fr.wikipedia.org/w/index.php?title=Dilemme_de_Triffin&oldid=122588651},
	Urldate = {2017-03-25},
	Bdsk-Url-1 = {http://fr.wikipedia.org/w/index.php?title=Dilemme_de_Triffin&oldid=122588651}}

@book{BrE10b,
	Address = {Paris},
	Author = {Bruno, Alain and Elleboode, Christian},
	Date-Added = {2017-03-23 11:47:18 +0000},
	Date-Modified = {2017-03-23 11:47:23 +0000},
	Edition = {3\ieme{} {\'e}dition},
	Publisher = {Ellipses},
	Title = {Dictionnaire d'{\'e}conomie et de sciences sociales},
	Year = {2010}}

@book{Rae16,
	Address = {Paris},
	Author = {Raedecker, Alexandra},
	Date-Added = {2017-03-23 11:25:47 +0000},
	Date-Modified = {2017-03-23 11:27:25 +0000},
	Publisher = {Dunod},
	Title = {L'{\'e}conomie au \textsc{Capes} de sciences {\'e}conomiques et sociales},
	Year = {2016}}

@book{BrE10,
	Address = {Paris},
	Author = {Bruno, Alain and Elleboode, Christian},
	Date-Added = {2017-03-22 10:55:36 +0000},
	Date-Modified = {2017-03-22 10:56:23 +0000},
	Edition = {2\ieme{} {\'e}dition},
	Publisher = {Ellipses},
	Title = {Dictionnaire d'{\'e}conomie et de sciences sociales},
	Year = {2010}}

@article{CaM07,
	Author = {Cahn, Christophe and Montornes, J{\'e}r{\'e}mi},
	Date-Added = {2017-03-22 10:54:03 +0000},
	Date-Modified = {2017-03-22 10:54:54 +0000},
	Journal = {Bulletin de la Banque de France},
	Month = {10},
	Number = {166},
	Pages = {21--27},
	Title = {Innovation, productivit{\'e} et croissance},
	Year = {2007}}
